% This file was created with JabRef 2.10.
% Encoding: Cp1252


@Article{Askvall1985,
  Title                    = {Computer supported reading vs. reading text on paper: A comparison of two reading situations},
  Author                   = {S. Askvall},
  Journal                  = {International Journal on Man-Machine Studies},
  Year                     = {1985},
  Number                   = {22},
  Pages                    = {425-439},
  Volume                   = {4}
}

@Book{Card1983,
  Title                    = {The psychology of human-computer interaction},
  Author                   = {S. K. Card and T. P. Moran and A. Newell},
  Publisher                = {Erlbaum},
  Year                     = {1983}
}

@Misc{NTNU:Website,
  Title                    = {NTNU Website},
  Author                   = {NTNU},
  howpublished             = {\url{http://www.ntnu.no}},
  Year                     = {2017},
  note										 = {Accessed: 2017-01-20}
}

@InProceedings{Lancaster1985,
  Title                    = {Electronic publication and its impact on the presentation of information},
  Author                   = {F. W. Lancaster and A. Warner},
  Booktitle                = {The technology of text: Principles for structuring, designing, and displaying text},
  Year                     = {1985},
  Editor                   = {D. H. Jonassen},
  Pages                    = {292-309},
  Publisher                = {Educational Technology Publications}
}

@Misc{Meldon1997,
  Title                    = {Reading from the web},
  Author                   = {W. Meldon},
  howpublished						 = {\url{http://www.mit.edu/compsci/humanfactors/report9734.html}},
  note				              = {Accessed: 2010-11-01},
  Year                     = {1997}
}

%this is experimental and only works with our own bst
@Game{Halo,
  Title                    = {Halo},
	Year			= {2003},
	publisher =	{Microsoft},
	developer = {Bungie Studios},
  Url                      = {https://www.halowaypoint.com/en-us/games},
  LastChecked              = {22.01.2017}
}

@comment{jabref-entrytype: Webpage: req[url;year] opt[LastChecked]}
@comment{jabref-entrytype: Game: req[title;publisher;year] opt[Url;developer;level;LastChecked]}

