@misc{pickle,
    title = {{11.1. pickle — Python object serialization — Python 2.7.13 documentation}},
    url = {https://docs.python.org/2/library/pickle.html}
}

@article{Sturman1999,
    title = {{A Brief History of Motion Capture for Computer Character Animation}},
    year = {1999},
    author = {Sturman, David J.},
    url = {https://www.siggraph.org/education/materials/HyperGraph/animation/character_animation/motion_capture/history1.htm}
}

@misc{Helfer2016,
    title = {{A guide to authentication in GraphQL – Building Apollo}},
    year = {2016},
    booktitle = {Medium},
    author = {Helfer, Jonas},
    url = {https://medium.com/apollo-stack/a-guide-to-authentication-in-graphql-e002a4039d1#.b6zkh9izf}
}

@article{Zhang2014,
    title = {{A Review on Multi-Label Learning Algorithms}},
    year = {2014},
    journal = {IEEE Transactions on Knowledge and Data Engineering},
    author = {Zhang, Min-Ling and Zhou, Zhi-Hua},
    number = {8},
    month = {8},
    pages = {1819--1837},
    volume = {26},
    url = {http://ieeexplore.ieee.org/document/6471714/},
    doi = {10.1109/TKDE.2013.39}
}

@article{Pan2010TransferLearningSurvey,
    title = {{A Survey on Transfer Learning}},
    year = {2010},
    journal = {IEEE Transactions on Knowledge and Data Engineering},
    author = {Pan, Sinno Jialin and Yang, Qiang},
    number = {10},
    month = {10},
    pages = {1345--1359},
    volume = {22},
    url = {http://ieeexplore.ieee.org/document/5288526/},
    doi = {10.1109/TKDE.2009.191}
}

@article{Almalki2016,
    title = {{Activity Theory as a Theoretical Framework for Health Self-Quantification: A Systematic Review of Empirical Studies}},
    year = {2016},
    journal = {J Med Internet Res},
    author = {Almalki, Manal and Gray, Kathleen and Martin-Sanchez, Fernando},
    number = {5},
    pages = {131--1311},
    volume = {18},
    url = {http://www.jmir.org/2016/5/e131/},
    doi = {10.2196/jmir.5000},
    keywords = {activities of daily living, activity theory, diagnostic self-evaluation, human-computer interaction, patient activation, patient participation, personal informatics, quantified self, self-care, self-experimentation, self-management, self-monitoring, self-quantification, self-tracking, user-computer interface}
}

@article{adam,
    title = {{Adam: a Method for Stochastic Optimization}},
    year = {2015},
    journal = {International Conference on Learning Representations 2015},
    author = {Kingma, Diederik P. and Ba, Jimmy Lei},
    month = {12},
    url = {http://arxiv.org/abs/1412.6980},
    arxivId = {1412.6980}
}

@article{Jabangwe2012,
    title = {{An Exploratory Study of Software Evolution and Quality: Before, During and After a Transfer}},
    year = {2012},
    author = {Jabangwe, Ronald and {\v{S}}mite, Darja},
    doi = {10.1109/ICGSE.2012.30}
}

@book{Green2013,
    title = {{Angularjs}},
    year = {2013},
    author = {Green, Brad. and Seshadri, Shyam.},
    publisher = {O'Reilly Media},
    isbn = {1449355889}
}

@article{Hudak2003,
    title = {{Arrows, Robots, and Functional Reactive Programming}},
    year = {2003},
    journal = {Advanced Functional Programming},
    author = {Hudak, Paul and Courtney, Antony and Nilsson, Henrik and Peterson, John},
    pages = {159--187},
    url = {http://www.springerlink.com/content/vw92ad4d3y8ywn1d%5Cnhttp://www.haskell.org/yale/papers/oxford02/index.html},
    isbn = {978-3-540-40132-2},
    doi = {10.1007/978-3-540-44833-4{\_}6},
    issn = {0302-9743 (Print) 1611-3349 (Online)}
}

@article{Calvert1982,
    title = {{Aspects of the Kinematic Simulation of Human Movement}},
    year = {1982},
    journal = {IEEE Computer Graphics and Applications},
    author = {Calvert, T.W. and Chapman, J. and Patla, A.},
    number = {9},
    month = {11},
    pages = {41--50},
    volume = {2},
    publisher = {IEEE Computer Society},
    url = {http://ieeexplore.ieee.org/document/1674484/},
    doi = {10.1109/MCG.1982.1674484}
}

@misc{Lin2016,
    title = {{Awesome GraphQL}},
    year = {2016},
    author = {Lin, C. T.},
    url = {https://github.com/chentsulin/awesome-graphql}
}

@misc{Cheng2014,
    title = {{BING: Binarized Normed Gradients for Objectness Estimation at 300fps}},
    year = {2014},
    author = {Cheng, Ming-Ming and Zhang, Ziming and Lin, Wen-Yan and Torr, Philip},
    pages = {3286--3293}
}

@misc{CaffeNet,
    title = {{BVLC CaffeNet Model}},
    year = {2015},
    author = {{Berkeley Vision and Learning Center}},
    url = {https://github.com/BVLC/caffe/tree/master/models/bvlc_reference_caffenet}
}

@inproceedings{Caffe,
    title = {{Caffe}},
    year = {2014},
    booktitle = {Proceedings of the ACM International Conference on Multimedia - MM '14},
    author = {Jia, Yangqing and Shelhamer, Evan and Donahue, Jeff and Karayev, Sergey and Long, Jonathan and Girshick, Ross and Guadarrama, Sergio and Darrell, Trevor},
    pages = {675--678},
    publisher = {ACM Press},
    url = {http://dl.acm.org/citation.cfm?doid=2647868.2654889},
    address = {New York, New York, USA},
    isbn = {9781450330633},
    doi = {10.1145/2647868.2654889}
}

@misc{pycaffe,
    title = {{Caffe | Interfaces}},
    url = {http://caffe.berkeleyvision.org/tutorial/interfaces.html}
}

@misc{CaffeLayerCatalogue,
    title = {{Caffe | Layer Catalogue}},
    url = {http://caffe.berkeleyvision.org/tutorial/layers.html}
}

@misc{CaffeModelZoo,
    title = {{Caffe | Model Zoo}},
    author = {{Berkeley Vision and Learning Center}},
    url = {http://caffe.berkeleyvision.org/model_zoo.html}
}

@misc{CaffeSigmoidCrossEntropyLoss,
    title = {{Caffe | Sigmoid Cross-Entropy Loss Layer}},
    url = {http://caffe.berkeleyvision.org/tutorial/layers/sigmoidcrossentropyloss.html}
}

@misc{Gera2013,
    title = {{Can your next-gen console spy on you? - Polygon}},
    year = {2013},
    author = {Gera, Emily},
    url = {http://www.polygon.com/2013/11/5/5054400/can-your-xbox-one-spy-on-you}
}

@article{Shrivastava2015,
    title = {{Categorization of risk factors for distributed agile projects}},
    year = {2015},
    journal = {Information and Software Technology},
    author = {Shrivastava, Suprika V. and Rathod, Urvashi},
    pages = {373--387},
    volume = {58},
    publisher = {Elsevier B.V.},
    url = {http://dx.doi.org/10.1016/j.infsof.2014.07.007},
    isbn = {09505849},
    doi = {10.1016/j.infsof.2014.07.007},
    issn = {09505849},
    pmid = {1628651847},
    keywords = {Agile software development (ASD), Distributed Agile Development (DAD), Distributed Software Development (DSD), Leavitt's' model, Risk factor classification, Risk management in distributed agile development}
}

@article{Razavian2014,
    title = {{CNN Features off-the-shelf: an Astounding Baseline for Recognition}},
    year = {2014},
    author = {Razavian, Ali Sharif and Azizpour, Hossein and Sullivan, Josephine and Carlsson Cvap, Stefan}
}

@techreport{Uvarov2015a,
    title = {{Colour characteristics of IPS and AMOLED technologies}},
    year = {2015},
    author = {Uvarov, Nikita},
    pages = {1--15},
    institution = {NTNU i Gj{\o}vik},
    address = {Gj{\o}vik}
}

@article{Hoare1978,
    title = {{Communicating Sequential Processes}},
    year = {1978},
    author = {Hoare, C A R},
    number = {8},
    volume = {21},
    keywords = {and phrases, concurrency, guarded commands, input, nondeterminacy, output, parallel programming, program structures, programming, programming languages, programming primitives}
}

@article{Cacheda2011,
    title = {{Comparison of Collaborative Filtering Algorithms: Limitations of Current Techniques and Proposals for Scalable, High-Performance Recommender Systems}},
    year = {2011},
    author = {Cacheda, Fidel and Carneiro, Ictor and Fer Andez, Diego and Formoso, Vreixo},
    pages = {33},
    doi = {10.1145/1921591.1921593},
    keywords = {Collaborative filtering, recommender systems}
}

@phdthesis{Ongaro2014,
    title = {{Consensus: Bridging Theory And Practice}},
    year = {2014},
    author = {Ongaro, Diego},
    pages = {257},
    school = {Stanford University}
}

@misc{Uvarov2016f,
    title = {{Counter arguments to “ The potential of sensing technology towards context-awareness shopping ”}},
    year = {2016},
    author = {Uvarov, Nikita},
    pages = {1--2},
    address = {Gj{\o}vik}
}

@misc{Uvarov2016d,
    title = {{Counter arguments to “Policy options to support mobile applications and games ”}},
    year = {2016},
    author = {Uvarov, Nikita},
    pages = {3--6},
    address = {Gj{\o}vik}
}

@article{Mesbah2012,
    title = {{Crawling AJAX-Based Web Applications through Dynamic Analysis of User Interface State Changes}},
    year = {2012},
    author = {Mesbah, Ali},
    pages = {30},
    doi = {10.1145/2109205.2109208},
    keywords = {Ajax, Crawling, DOM crawling, Web 2.0, dynamic analysis, hidden web}
}

@misc{cs231n-opt2,
    title = {{CS231n Convolutional Neural Networks for Visual Recognition. Backpropagation, Intuitions}},
    author = {Karpathy, Andrej},
    url = {http://cs231n.github.io/optimization-2/}
}

@misc{cs231n-cls,
    title = {{CS231n Convolutional Neural Networks for Visual Recognition. Classification}},
    author = {Karpathy, Andrej},
    url = {http://cs231n.github.io/classification/}
}

@misc{cs231n-conv,
    title = {{CS231n Convolutional Neural Networks for Visual Recognition. Convolutional Neural Networks}},
    author = {Karpathy, Andrej},
    url = {http://cs231n.github.io/convolutional-networks/}
}

@misc{cs231n-nn3,
    title = {{CS231n Convolutional Neural Networks for Visual Recognition. Neural Networks Part 1}},
    author = {Karpathy, Andrej},
    url = {http://cs231n.github.io/neural-networks-3/}
}

@misc{cs231n-nn1,
    title = {{CS231n Convolutional Neural Networks for Visual Recognition. Neural Networks Part 3}},
    author = {Karpathy, Andrej},
    url = {http://cs231n.github.io/neural-networks-1/}
}

@misc{cs231n-opt1,
    title = {{CS231n Convolutional Neural Networks for Visual Recognition. Optimization: Stochastic Gradient Descent}},
    author = {Karpathy, Andrej},
    url = {http://cs231n.github.io/optimization-1/}
}

@misc{Stelmachenko2016,
    title = {{Dataloader - Java port}},
    year = {2016},
    author = {Stelmachenko, Ruslan},
    url = {https://github.com/facebook/dataloader/issues/26}
}

@article{Donahue2013,
    title = {{DeCAF: A Deep Convolutional Activation Feature for Generic Visual Recognition}},
    year = {2013},
    author = {Donahue, Jeff and Jia, Yangqing and Vinyals, Oriol and Hoffman, Judy and Zhang, Ning and Tzeng, Eric and Darrell, Trevor}
}

@article{Zuckerman2014,
    title = {{Deconstructing gamification: evaluating the effectiveness of continuous measurement, virtual rewards, and social comparison for promoting physical activity}},
    year = {2014},
    journal = {Personal and Ubiquitous Computing},
    author = {Zuckerman, Oren and Gal-Oz, Ayelet},
    number = {7},
    month = {10},
    pages = {1705--1719},
    volume = {18},
    publisher = {Springer London},
    url = {http://link.springer.com/10.1007/s00779-014-0783-2},
    doi = {10.1007/s00779-014-0783-2},
    issn = {1617-4909}
}

@article{Gong2013DeepRanking,
    title = {{Deep Convolutional Ranking for Multilabel Image Annotation}},
    year = {2013},
    journal = {arXiv preprint arXiv:1312.4894},
    author = {Gong, Yunchao and Jia, Yangqing and Leung, Thomas and Toshev, Alexander and Ioffe, Sergey},
    month = {12},
    url = {http://arxiv.org/abs/1312.4894},
    arxivId = {1312.4894}
}

@article{He2015DeepResidualRecognition,
    title = {{Deep Residual Learning for Image Recognition}},
    year = {2015},
    author = {He, Kaiming and Zhang, Xiangyu and Ren, Shaoqing and Sun, Jian}
}

@article{Karpathy2015,
    title = {{Deep Visual-Semantic Alignments for Generating Image Descriptions}},
    year = {2015},
    author = {Karpathy, Andrej and Fei-Fei, Li}
}

@misc{Nolen2015b,
    title = {{Demand-Driven Architecture}},
    year = {2015},
    author = {Nolen, David and Boguta, Kovas},
    url = {https://www.infoq.com/presentations/domain-driven-architecture}
}

@techreport{Uvarov2016a,
    title = {{Demand-Driven Architecture}},
    year = {2016},
    author = {Uvarov, Nikita},
    number = {October},
    pages = {1--15},
    url = {https://www.infoq.com/presentations/domain-driven-architecture}
}

@misc{Robinson2016,
    title = {{Demand-driven architecture: Relay, Falcor, Om.Next}},
    year = {2016},
    booktitle = {Medium},
    author = {Robinson, Shaun},
    url = {https://medium.com/@env/demand-driven-development-relay-falcor-om-next-75818bd54ea1#.5cwkmmjcc}
}

@article{Smite2014,
    title = {{Distributed Project Management: Ten Misconceptions That Might Kill Your Distributed Project}},
    year = {2014},
    journal = {Software Project Management in a Changing World},
    author = {Mite, Darja Š and Smite, Darja},
    chapter = {12},
    pages = {20},
    url = {http://link.springer.com/chapter/10.1007/978-3-642-55035-5_12},
    isbn = {978-3-642-55034-8},
    doi = {10.1007/978-3-642-55035-5}
}

@article{Srivastava2014,
    title = {{Dropout: A Simple Way to Prevent Neural Networks from Overfitting}},
    year = {2014},
    journal = {Journal of Machine Learning Research},
    author = {Srivastava, Nitish and Hinton, Geoffrey and Krizhevsky, Alex and Sutskever, Ilya and Salakhutdinov, Ruslan},
    pages = {1929--1958},
    volume = {15}
}

@article{Gibson2009,
    title = {{E3: Post-Natal Discussion}},
    year = {2009},
    journal = {Eurogamer},
    author = {Gibson, Ellie},
    pages = {1--2},
    url = {http://www.eurogamer.net/articles/e3-post-natal-discussion-interview}
}

@misc{AmazonAWS,
    title = {{EC2 Instance Pricing – Amazon Web Services (AWS)}},
    author = {{Amazon AWS}},
    url = {https://aws.amazon.com/ec2/pricing/on-demand/}
}

@inproceedings{Zitnick2014,
    title = {{Edge Boxes: Locating Object Proposals from Edges}},
    year = {2014},
    booktitle = {European Conference on Computer Vision},
    author = {Zitnick, C. Lawrence and Doll{\'{a}}r, Piotr},
    pages = {391--405},
    publisher = {Springer International Publishing},
    url = {http://link.springer.com/10.1007/978-3-319-10602-1_26},
    doi = {10.1007/978-3-319-10602-1{\_}26}
}

@phdthesis{Gustavsson2016,
    title = {{Efficient data communication between a webclient and a cloud environment}},
    year = {2016},
    author = {Gustavsson, Kit and Stenlund, Erik},
    number = {18},
    pages = {65},
    volume = {623}
}

@article{Swan2009,
    title = {{Emerging patient-driven health care models: an examination of health social networks, consumer personalized medicine and quantified self-tracking.}},
    year = {2009},
    journal = {International journal of environmental research and public health},
    author = {Swan, Melanie},
    number = {2},
    month = {2},
    pages = {492--525},
    volume = {6},
    publisher = {Multidisciplinary Digital Publishing Institute (MDPI)},
    url = {http://www.ncbi.nlm.nih.gov/pubmed/19440396 http://www.pubmedcentral.nih.gov/articlerender.fcgi?artid=PMC2672358},
    doi = {10.3390/ijerph6020492},
    issn = {1660-4601},
    pmid = {19440396},
    keywords = {Internet, Patient-driven health care, health care delivery, health social networks, long-tail medicine, open source, personalized medicine, predictive health care, preventive health care, quantified self-tracking}
}

@article{Fraternali2010,
    title = {{Engineering Rich Internet Applications with a Model-Driven Approach}},
    year = {2010},
    journal = {ACM Trans. Web Comai and Toffetti Carughi Toffetti Carughi et al. ACM Transactions on the Web},
    author = {Fraternali, Piero and Comai, Sara and Bozzon, Alessandro and Di Milano, Politecnico and Carughi, Giovanni Toffetti and Carughi, G Toffetti},
    number = {7},
    pages = {47},
    volume = {4},
    url = {http://doi.acm.org/10.1145/1734200.1734204},
    doi = {10.1145/1734200.1734204},
    keywords = {Categories and Subject Descriptors, D210 [Software Engineering], Design Additional Key Words and Phrases, Design—Methodologies, H34 [Distributed Systems], H54 [Information Systems and Pre-sentation (eg, HCI)], Hypertext/Hypermedia General Terms, Rich Internet applications, Systems and Software, Web engineering, information interfaces and presentation, information storage and retrieval, model-driven development}
}

@article{ete3,
    title = {{ETE 3: Reconstruction, Analysis, and Visualization of Phylogenomic Data}},
    year = {2016},
    journal = {Molecular Biology and Evolution},
    author = {Huerta-Cepas, Jaime and Serra, François and Bork, Peer},
    number = {6},
    month = {6},
    pages = {1635--1638},
    volume = {33},
    url = {https://academic.oup.com/mbe/article-lookup/doi/10.1093/molbev/msw046 http://mbe.oxfordjournals.org/lookup/doi/10.1093/molbev/msw046},
    doi = {10.1093/molbev/msw046},
    issn = {0737-4038}
}

@inproceedings{Yang2015,
    title = {{Exploit Bounding Box Annotations for Multi-label Object Recognition}},
    year = {2016},
    booktitle = {Proceedings of the IEEE Conference on Computer Vision and Pattern Recognition},
    author = {Yang, Hao and Zhou, Joey Tianyi and Zhang, Yu and Gao, Bin-Bin and Wu, Jianxin and Cai, Jianfei},
    month = {4},
    pages = {280--288},
    publisher = {IEEE},
    url = {http://arxiv.org/abs/1504.05843},
    arxivId = {1504.05843}
}

@inproceedings{Oh2015,
    title = {{Exploring UX issues in quantified self technologies}},
    year = {2015},
    booktitle = {2015 8th International Conference on Mobile Computing and Ubiquitous Networking, ICMU 2015},
    author = {Oh, Jeungmin and Lee, Uichin},
    isbn = {9784907626129},
    doi = {10.1109/ICMU.2015.7061028}
}

@inproceedings{Ouyang2016,
    title = {{Factors in Finetuning Deep Model for Object Detection With Long-Tail Distribution}},
    year = {2016},
    author = {Ouyang, Wanli and Wang, Xiaogang and Zhang, Cong and Yang, Xiaokang},
    pages = {864--873}
}

@misc{Husain2016,
    title = {{Falcor Router Demo}},
    year = {2016},
    author = {Husain, Jafar and Paulson, Michael},
    url = {https://github.com/Netflix/falcor-router-demo}
}

@inproceedings{Ren2016,
    title = {{Faster R-CNN: Towards Real-Time Object Detection with Region Proposal Networks}},
    year = {2015},
    booktitle = {Advances in neural information processing systems},
    author = {Ren, Shaoqing and He, Kaiming and Girshick, Ross and Sun, Jian},
    pages = {91--99},
    publisher = {Neural Information Processing Systems}
}

@misc{Pterneas,
    title = {{Finger Tracking using Kinect v2 | Vangos Pterneas}},
    booktitle = {2016},
    author = {Pterneas, Vangos},
    url = {http://pterneas.com/2016/01/24/kinect-finger-tracking/}
}

@incollection{Paul2016a,
    title = {{Flux: Solving Problems Differently}},
    year = {2016},
    booktitle = {React Native for iOS Development},
    author = {Paul, Akshat and Nalwaya, Abhishek},
    pages = {75--93},
    publisher = {Apress},
    url = {http://link.springer.com/10.1007/978-1-4842-1395-7_4},
    address = {Berkeley, CA},
    doi = {10.1007/978-1-4842-1395-7{\_}4}
}

@misc{TheNorwegianNationalResearchEthicsCommittees,
    title = {{General guidelines for research ethics - Etikkom}},
    booktitle = {2014},
    author = {{The Norwegian National Research Ethics Committees}},
    url = {https://www.etikkom.no/en/ethical-guidelines-for-research/general-guidelines-for-research-ethics/}
}

@article{Goodfellow2014,
    title = {{Generative Adversarial Nets}},
    year = {2014},
    author = {Goodfellow, Ian J and Pouget-Abadie, Jean and Mirza, Mehdi and Xu, Bing and Warde-Farley, David and Ozair, Sherjil and Courville, Aaron and Bengio, Yoshua}
}

@misc{Uvarov2016b,
    title = {{Geolocation API}},
    year = {2016},
    author = {Uvarov, Nikita},
    pages = {1--6},
    address = {Gj{\o}vik}
}

@misc{Davis,
    title = {{Getting Started with the Leap Motion SDK}},
    author = {Davis, Alan},
    url = {http://blog.leapmotion.com/getting-started-leap-motion-sdk/}
}

@incollection{Szegedy2015GoingDeeper,
    title = {{Going Deeper with Convolutions}},
    year = {2015},
    booktitle = {Proceedings of the IEEE Conference on Computer Vision and Pattern Recognition},
    author = {Szegedy, Christian and Liu, Wei and Jia, Yangqing and Sermanet, Pierre and Reed, Scott and Anguelov, Dragomir and Erhan, Dumitru and Vanhoucke, Vincent and Rabinovich, Andrew},
    pages = {1--9},
    publisher = {IEEE}
}

@misc{Allsopp,
    title = {{GraphQL and Authentication – The GraphQLHub}},
    booktitle = {Medium},
    author = {Allsopp, Clay},
    url = {https://medium.com/the-graphqlhub/graphql-and-authentication-b73aed34bbeb#.kd0remt8v}
}

@misc{Buna2016,
    title = {{GraphQL Deep Dive: The Cost of Flexibility}},
    year = {2016},
    author = {Buna, Samer},
    url = {https://edgecoders.com/graphql-deep-dive-the-cost-of-flexibility-ee50f131a83d#.19syx47as}
}

@misc{Schrock2015,
    title = {{GraphQL Introduction | React}},
    year = {2015},
    author = {Schrock, Nick},
    url = {https://facebook.github.io/react/blog/2015/05/01/graphql-introduction.html}
}

@misc{Helfer2016a,
    title = {{GraphQL vs. Falcor – Building Apollo}},
    year = {2016},
    booktitle = {Medium},
    author = {Helfer, Jonas},
    url = {https://medium.com/apollo-stack/graphql-vs-falcor-4f1e9cbf7504#.os8bydbqi}
}

@misc{Lee2016,
    title = {{GraphQL: Designing a Data Language - YouTube}},
    year = {2016},
    author = {Lee, Byron},
    url = {https://www.youtube.com/watch?v=Oh5oC98ztvI}
}

@misc{TheNorwegianNationalResearchEthicsCommittees2016,
    title = {{Guidelines for research ethics in science and technology - Etikkom}},
    year = {2016},
    author = {{The Norwegian National Research Ethics Committees}},
    url = {https://www.etikkom.no/en/ethical-guidelines-for-research/guidelines-for-research-ethics-in-science-and-technology/}
}

@misc{Orland2013,
    title = {{Hands-on (and on camera) with Xbox One’s new controller and Kinect | Ars Technica}},
    year = {2013},
    author = {Orland, Kyle},
    url = {http://arstechnica.com/gaming/2013/05/hands-on-and-camera-on-with-xbox-ones-new-controller-and-kinect/}
}

@misc{Orry2010,
    title = {{Hanging with Kudo - VideoGamer.com}},
    year = {2010},
    booktitle = {https://www.videogamer.com},
    author = {Orry, James},
    url = {https://www.videogamer.com/news/hanging-with-kudo}
}

@article{Wei2016HCP,
    title = {{HCP: A Flexible CNN Framework for Multi-Label Image Classification}},
    year = {2016},
    journal = {IEEE Transactions on Pattern Analysis and Machine Intelligence},
    author = {Wei, Yunchao and Xia, Wei and Lin, Min and Huang, Junshi and Ni, Bingbing and Dong, Jian and Zhao, Yao and Yan, Shuicheng},
    number = {9},
    month = {9},
    pages = {1901--1907},
    volume = {38},
    url = {http://ieeexplore.ieee.org/document/7305792/},
    doi = {10.1109/TPAMI.2015.2491929},
    arxivId = {1406.5726}
}

@misc{Magamedov2016,
    title = {{Hiku — Hiku dev documentation}},
    year = {2016},
    author = {Magamedov, Vladimir},
    url = {http://hiku.readthedocs.io/en/latest/}
}

@article{Hossain2009,
    title = {{How can agile practices minimize global software development co-ordination risks?}},
    year = {2009},
    journal = {Communications in Computer and Information Science},
    author = {Hossain, Emam and Babar, Muhammad Ali and Verner, June},
    pages = {81--92},
    volume = {42},
    isbn = {9783642041327},
    doi = {10.1007/978-3-642-04133-4{\_}7},
    issn = {18650929},
    keywords = {Agile, Coordinating Mechanisms, Global Software Development}
}

@misc{Colgan2014,
    title = {{How Does the Leap Motion Controller Work?}},
    year = {2014},
    author = {Colgan, Alex},
    url = {http://blog.leapmotion.com/hardware-to-software-how-does-the-leap-motion-controller-work/}
}

@misc{Yosinski2014HowTransferable,
    title = {{How transferable are features in deep neural networks?}},
    year = {2014},
    author = {Yosinski, Jason and Clune, Jeff and Bengio, Yoshua and Lipson, Hod},
    pages = {3320--3328}
}

@techreport{Uvarov2015,
    title = {{Image Processing and Analysis Project Report}},
    year = {2015},
    author = {Uvarov, Nikita},
    pages = {9},
    url = {http://www.isbe.man.ac.uk/~bim/Papers/asm_overview.pdf},
    institution = {NTNU i Gj{\o}vik},
    address = {Gj{\o}vik},
    isbn = {9780124114845},
    doi = {10.1016/B978-0-444-53260-2.10011-0}
}

@incollection{Krizhevsky2012ImageNetDNN,
    title = {{ImageNet Classification with Deep Convolutional Neural Networks}},
    year = {2012},
    booktitle = {Advances in neural information processing systems},
    author = {Krizhevsky, Alex and Sutskever, Ilya and Hinton, Geoffrey E},
    pages = {1097--1105},
    publisher = {Neural Information Processing Systems}
}

@article{Russakovsky2015ImageNet,
    title = {{ImageNet Large Scale Visual Recognition Challenge}},
    year = {2015},
    journal = {International Journal of Computer Vision},
    author = {Russakovsky, Olga and Deng, Jia and Su, Hao and Krause, Jonathan and Satheesh, Sanjeev and Ma, Sean and Huang, Zhiheng and Karpathy, Andrej and Khosla, Aditya and Bernstein, Michael and Berg, Alexander C. and Fei-Fei, Li},
    number = {3},
    pages = {211--252},
    volume = {115},
    url = {http://link.springer.com/10.1007/s11263-015-0816-y http://arxiv.org/abs/1409.0575},
    doi = {10.1007/s11263-015-0816-y},
    arxivId = {1409.0575}
}

@misc{StanfordUniversity2016,
    title = {{ImageNet Large Scale Visual Recognition Challenge 2016}},
    year = {2016},
    author = {{Stanford University}},
    url = {http://image-net.org/challenges/LSVRC/2016/results}
}

@article{Ongaro2014a,
    title = {{In Search of an Understandable Consensus Algorithm (Extended Version)}},
    year = {2014},
    author = {Ongaro, Diego and Ousterhout, John}
}

@techreport{Uvarov2016g,
    title = {{Integration Project Report: Next Generation Tower Defence - Report}},
    year = {2016},
    author = {Uvarov, Nikita and Mellemseter, Thomas and Magnus, Bjerke, Vik and Bj{\o}rklund, Håkon},
    pages = {68},
    institution = {NTNU i Gj{\o}vik},
    address = {Gj{\o}vik},
    keywords = {FPS, Game, Mobile, Tower Defence, Unity, Virtual Reality}
}

@misc{Diakopoulos2016,
    title = {{IntelRealSense. Camera Specifications}},
    year = {2016},
    author = {Diakopoulos, Dimitri},
    url = {https://github.com/IntelRealSense/librealsense/blob/master/doc/camera_specs.md}
}

@article{Szegedy2014,
    title = {{Intriguing properties of neural networks}},
    year = {2014},
    author = {Szegedy, Christian and Zaremba, Wojciech and Sutskever, Ilya and Bruna, Joan and Erhan, Dumitru and Goodfellow, Ian and Fergus, Rob}
}

@misc{Hurrell2015a,
    title = {{Introducing Relay and GraphQL}},
    year = {2015},
    author = {Hurrell, Greg},
    url = {https://facebook.github.io/react/blog/2015/02/20/introducing-relay-and-graphql.html}
}

@misc{Kuenzel2015,
    title = {{JSConf 2015 - YouTube}},
    year = {2015},
    author = {Kuenzel, Laney},
    url = {https://www.youtube.com/watch?v=mmke4w4gc6c}
}

@inproceedings{Husain2015a,
    title = {{JSON Graph}},
    year = {2015},
    booktitle = {Applicative 2015 on - Applicative 2015},
    author = {Husain, Jafar and {Jafar}},
    pages = {10},
    publisher = {ACM Press},
    url = {http://dl.acm.org/citation.cfm?doid=2742580.2742640},
    address = {New York, New York, USA},
    isbn = {9781450335270},
    doi = {10.1145/2742580.2742640}
}

@misc{Tach2013,
    title = {{Kinect is always listening on Xbox One, but privacy is a 'top priority' for Microsoft - Polygon}},
    year = {2013},
    author = {Tach, Dave},
    url = {http://www.polygon.com/2013/5/21/4353580/kinect-always-listening-on-xbox-one-privacy-is-a-top-priority}
}

@article{Lang,
    title = {{Leap Motion '3D Jam' Dev Contest Offers {\$}75k in Prizes for Leap-Based Experiences, Starts October 19th - Road to VR}},
    journal = {Road to VR},
    author = {Lang, Ben},
    url = {http://www.roadtovr.com/leap-motion-3d-jam-indiecade-prizes-rules-hardware-hubs/}
}

@article{Etherington2013,
    title = {{Leap Motion Controller Ship Date Delayed Until July 22, Due To A Need For A Larger, Longer Beta Test}},
    year = {2013},
    journal = {TechCrunch},
    author = {Etherington, Darrell},
    url = {http://techcrunch.com/2013/04/25/leap-motion-controller-ship-date-delayed-until-july-22-due-to-a-need-for-a-larger-longer-beta-test/}
}

@article{Buckley,
    title = {{Leap Motion's next sensor is designed specifically for virtual reality}},
    journal = {Engadget},
    author = {Buckley, Sean},
    url = {http://www.engadget.com/2014/08/28/leap-motion-s-next-sensor-is-designed-specifically-for-virtual-r/}
}

@inproceedings{Oquab2014TransferringMidLevel,
    title = {{Learning and Transferring Mid-level Image Representations Using Convolutional Neural Networks}},
    year = {2014},
    booktitle = {2014 IEEE Conference on Computer Vision and Pattern Recognition},
    author = {Oquab, Maxime and Bottou, Leon and Laptev, Ivan and Sivic, Josef},
    month = {6},
    pages = {1717--1724},
    publisher = {IEEE},
    url = {http://ieeexplore.ieee.org/lpdocs/epic03/wrapper.htm?arnumber=6909618},
    isbn = {978-1-4799-5118-5},
    doi = {10.1109/CVPR.2014.222}
}

@misc{Hurrell2015,
    title = {{Lightweight Results - GraphQL}},
    year = {2015},
    author = {Hurrell, Greg},
    url = {https://github.com/wincent/relay/tree/hack/contrib/lightweight-results}
}

@misc{lmdb,
    title = {{LMDB: Lightning Memory-Mapped Database Manager (LMDB)}},
    booktitle = {2010},
    author = {Hedenfalk, Martin},
    url = {http://lmdb.tech/doc/}
}

@inproceedings{Wang2010,
    title = {{Locality-constrained Linear Coding for image classification}},
    year = {2010},
    booktitle = {2010 IEEE Computer Society Conference on Computer Vision and Pattern Recognition},
    author = {Wang, Jinjun and Yang, Jianchao and Yu, Kai and Lv, Fengjun and Huang, Thomas and Gong, Yihong},
    month = {6},
    pages = {3360--3367},
    publisher = {IEEE},
    url = {http://ieeexplore.ieee.org/document/5540018/},
    isbn = {978-1-4244-6984-0},
    doi = {10.1109/CVPR.2010.5540018}
}

@misc{master-thesis-src,
    title = {{Master thesis supplementary source code}},
    year = {2017},
    booktitle = {GitHub},
    author = {Uvarov, Nikita},
    url = {https://github.com/uvNikita/master-thesis-src}
}

@misc{namespaces,
    title = {{namespaces(7) - Linux manual page}},
    year = {2016},
    url = {http://man7.org/linux/man-pages/man7/namespaces.7.html}
}

@misc{Totilo2010,
    title = {{Natal Recognizes 31 Body Parts, Uses Tenth of Xbox 360 {\&}quot;Computing Resources{\&}quot;}},
    year = {2010},
    author = {Totilo, Stephen},
    publisher = {''Kotaku'', Gawker Media},
    url = {http://kotaku.com/5442775/natal-recognizes-31-body-parts-uses-tenth-of-xbox-360-computing-resources}
}

@article{Lin2014,
    title = {{Network In Network}},
    year = {2014},
    author = {Lin, Min and Chen, Qiang and Yan, Shuicheng}
}

@techreport{Uvarov2016h,
    title = {{Next Gen Tower Defense - Digital Innovation and Entrepreneurship Report}},
    year = {2016},
    author = {Uvarov, Nikita and Mellemseter, Thomas and Magnus, Bjerke, Vik and Bj{\o}rklund, Håkon},
    number = {471308},
    pages = {56},
    institution = {NTNU i Gj{\o}vik},
    address = {Gj{\o}vik}
}

@article{JianboShi2000,
    title = {{Normalized cuts and image segmentation}},
    year = {2000},
    journal = {IEEE Transactions on Pattern Analysis and Machine Intelligence},
    author = {{Jianbo Shi} and Malik, J.},
    number = {8},
    pages = {888--905},
    volume = {22},
    url = {http://ieeexplore.ieee.org/document/868688/},
    doi = {10.1109/34.868688}
}

@misc{numpy,
    title = {{NumPy — NumPy}},
    url = {http://www.numpy.org/}
}

@inproceedings{Chua2009NUS-WIDE,
    title = {{NUS-WIDE: A Real-World Web Image Database from National University of Singapore}},
    year = {2009},
    booktitle = {Proceedings of the ACM international conference on image and video retrieval},
    author = {Chua, Tat-Seng and Tang, Jinhui and Hong, Richang and Li, Haojie and Luo, Zhiping and Zheng, Yantao},
    pages = {48},
    publisher = {ACM}
}

@misc{Nolen2015a,
    title = {{Om Next - David Nolen - YouTube}},
    year = {2015},
    author = {Nolen, David},
    url = {https://www.youtube.com/watch?v=MDZpSIngwm4&t=1697s}
}

@misc{Liutikov2016,
    title = {{Om Next for React devs: Application state}},
    year = {2016},
    booktitle = {Medium},
    author = {Liutikov, Roman},
    url = {https://medium.com/@roman01la/om-next-for-react-devs-application-state-53af3ec7c42a#.wakyigqml}
}

@misc{Kay2016,
    title = {{Om Next Overview}},
    year = {2016},
    booktitle = {Github},
    author = {Kay, Tony},
    url = {https://github.com/awkay/om/wiki/Om-Next-Overview}
}

@misc{Boguta2015,
    title = {{Om/Next: The Reconciler}},
    year = {2015},
    booktitle = {Medium},
    author = {Boguta, Kovas},
    url = {https://medium.com/@kovasb/om-next-the-reconciler-af26f02a6fb4#.sg3ypxegl}
}

@misc{Uvarov2015b,
    title = {{Open Access : challenges and possibilities}},
    year = {2015},
    author = {Uvarov, Nikita},
    pages = {1--2},
    address = {Gj{\o}vik}
}

@article{Tervonen2013a,
    title = {{Outsourcing Software Testing: A Case Study in the Oulu Area}},
    year = {2013},
    author = {Tervonen, Ilkka and Haapalahti, Antti and Harjumaa, Lasse and Simil{\"{a}}, Jouni},
    doi = {10.1109/QSIC.2013.53}
}

@misc{CUDA,
    title = {{Parallel Programming and Computing Platform | CUDA | NVIDIA}},
    author = {{NVIDIA}},
    url = {http://www.nvidia.com/object/cuda_home_new.html}
}

@misc{Workman2013,
    title = {{PC Gaming: Keyboard vs. Controller | Strategy | Prima Games}},
    year = {2013},
    author = {Workman, Robert},
    url = {https://www.primagames.com/games/world-warcraft/strategy/pc-gaming-keyboard-vs-controller}
}

@article{Li2012,
    title = {{Personal informatics and context: Using context to reveal factors that affect behavior}},
    year = {2012},
    journal = {Journal of Ambient Intelligence and Smart Environments},
    author = {Li, Ian},
    number = {1},
    pages = {71--72},
    volume = {4},
    publisher = {IOS Press},
    doi = {10.3233/AIS-2011-0130},
    issn = {1876-1364}
}

@misc{Colgan,
    title = {{Power at Your Fingertips: Pinch Utilities for Orion}},
    booktitle = {2016},
    author = {Colgan, Alex},
    url = {http://blog.leapmotion.com/power-fingertips-pinch-utilities-orion/}
}

@misc{Uvarov2016,
    title = {{PR-5002: Fix compatibility with CUDA 2.1}},
    year = {2016},
    author = {Uvarov, Nikita},
    url = {https://github.com/BVLC/caffe/pull/5002}
}

@misc{jupyter,
    title = {{Project Jupyter | Home}},
    url = {http://jupyter.org/}
}

@misc{pandas,
    title = {{Python Data Analysis Library — pandas: Python Data Analysis Library}},
    url = {http://pandas.pydata.org/}
}

@misc{Ferrari,
    title = {{Python implementation of BING}},
    booktitle = {2015},
    author = {Ferrari, Alessandro},
    url = {https://github.com/alessandroferrari/BING-Objectness}
}

@inproceedings{Almalki2015,
    title = {{Quantifying the Activities of Self-quantifiers: Management of Data, Time and Health}},
    year = {2015},
    booktitle = {Studies in Health Technology and Informatics},
    author = {Almalki, Manal and Martin Sanchez, Fernando and Gray, Kathleen},
    isbn = {9781614995630},
    doi = {10.3233/978-1-61499-564-7-333},
    issn = {18798365},
    pmid = {26262066},
    keywords = {Self-quantification, consumer health informatics, health self-management, participatory health, patient activation}
}

@article{Howard2015,
    title = {{Raft Refloated}},
    year = {2015},
    journal = {ACM SIGOPS Operating Systems Review},
    author = {Howard, Heidi and Schwarzkopf, Malte and Madhavapeddy, Anil and Crowcroft, Jon},
    number = {1},
    month = {1},
    pages = {12--21},
    volume = {49},
    publisher = {ACM},
    url = {http://dl.acm.org/citation.cfm?doid=2723872.2723876},
    doi = {10.1145/2723872.2723876}
}

@incollection{Paul2016,
    title = {{React Native Supplements}},
    year = {2016},
    booktitle = {React Native for iOS Development},
    author = {Paul, Akshat and Nalwaya, Abhishek},
    pages = {149--167},
    publisher = {Apress},
    url = {http://link.springer.com/10.1007/978-1-4842-1395-7_7},
    address = {Berkeley, CA},
    doi = {10.1007/978-1-4842-1395-7{\_}7}
}

@misc{Schafer2015,
    title = {{React.js Conf 2015 - Data fetching for React applications at Facebook - YouTube}},
    year = {2015},
    author = {Schafer, Daniel and Chen, Jing},
    url = {https://www.youtube.com/watch?v=9sc8Pyc51uU&index=5}
}

@article{Nair2010,
    title = {{Rectified Linear Units Improve Restricted Boltzmann Machines}},
    year = {2010},
    author = {Nair, Vinod and Hinton, Geoffrey E}
}

@incollection{relu,
    title = {{Rectified Linear Units Improve Restricted Boltzmann Machines}},
    year = {2010},
    booktitle = {Proceedings of the 27th international conference on machine learning (ICML-10)},
    author = {Nair, Vinod and Hinton, Geoffrey E},
    pages = {807--814},
    publisher = {ICML},
    url = {https://pdfs.semanticscholar.org/a538/b05ebb01a40323997629e171c91aa28b8e2f.pdf}
}

@misc{Fox,
    title = {{Redesigning Our Unity Core Assets for Orion}},
    author = {Fox, Barrett},
    url = {http://blog.leapmotion.com/redesigning-our-unity-core-assets-new-workflow-and-architecture-for-orion/}
}

@article{Nolen2015,
    title = {{Remote Synchronization Tutorial - Om Next}},
    year = {2015},
    author = {Nolen, David and Deutsch, Thomas and Monteiro, António Nuno},
    url = {https://github.com/omcljs/om/wiki/Remote-Synchronization-Tutorial}
}

@article{Bengio2013,
    title = {{Representation Learning: A Review and New Perspectives}},
    year = {2013},
    journal = {IEEE Transactions on Pattern Analysis and Machine Intelligence},
    author = {Bengio, Y. and Courville, A. and Vincent, P.},
    number = {8},
    month = {8},
    pages = {1798--1828},
    volume = {35},
    url = {http://ieeexplore.ieee.org/document/6472238/},
    doi = {10.1109/TPAMI.2013.50}
}

@article{Zhang2016MultilevelResidualNetworks,
    title = {{Residual Networks of Residual Networks: Multilevel Residual Networks}},
    year = {2016},
    author = {Zhang, Ke and Sun, Miao and Han, Tony X and Yuan, Xingfang and Guo, Liru and Liu, Tao}
}

@misc{Uvarov2016e,
    title = {{RESTful vs Web Services}},
    year = {2016},
    author = {Uvarov, Nikita},
    pages = {1--5},
    address = {Gj{\o}vik}
}

@article{Chatfield2014ReturnDevilInTheDetails,
    title = {{Return of the Devil in the Details: Delving Deep into Convolutional Nets}},
    year = {2014},
    journal = {arXiv preprint arXiv:1405.3531},
    author = {Chatfield, Ken and Simonyan, Karen and Vedaldi, Andrea and Zisserman, Andrew},
    month = {5},
    url = {http://arxiv.org/abs/1405.3531},
    arxivId = {1405.3531}
}

@inproceedings{Girshick2014,
    title = {{Rich Feature Hierarchies for Accurate Object Detection and Semantic Segmentation}},
    year = {2014},
    booktitle = {2014 IEEE Conference on Computer Vision and Pattern Recognition},
    author = {Girshick, Ross and Donahue, Jeff and Darrell, Trevor and Malik, Jitendra},
    month = {6},
    pages = {580--587},
    publisher = {IEEE},
    url = {http://ieeexplore.ieee.org/document/6909475/},
    isbn = {978-1-4799-5118-5},
    doi = {10.1109/CVPR.2014.81}
}

@book{Bratt2011,
    title = {{Rotoscoping : techniques and tools for the aspiring artist}},
    year = {2011},
    author = {Bratt, Benjamin},
    publisher = {Focal Press},
    isbn = {9780240817040}
}

@article{Gwo-Jen2015,
    title = {{Seamless flipped learning: a mobile technologyenhanced flipped classroom with effective learning strategies}},
    year = {2015},
    author = {Gwo-Jen, Hwang and Chiu-Lin, Lai and Siang-Yi, Wang},
    pages = {25}
}

@article{Uijlings2012,
    title = {{Selective Search for Object Recognition}},
    year = {2012},
    author = {Uijlings, J R R and Van De Sande, K E A and Gevers, T and Smeulders, A W M}
}

@misc{Uvarov2016c,
    title = {{Smartphone sensing : opportunities and challenges}},
    year = {2016},
    author = {Uvarov, Nikita},
    pages = {3--6},
    address = {Gj{\o}vik}
}

@misc{Scarsella2015,
    title = {{Smartphone Shipments Reach Second Highest Level for a Single Quarter}},
    year = {2015},
    author = {Scarsella, Anthony and Chau, Melissa and Reith, Ryan and Shirer, Michael},
    url = {http://www.idc.com/getdoc.jsp?containerId=prUS25988815}
}

@article{Jaderberg2016,
    title = {{Spatial Transformer Networks}},
    year = {2016},
    author = {Jaderberg, Max and Simonyan, Karen and Zisserman, Andrew and Kavukcuoglu, Koray}
}

@misc{sgd,
    title = {{Stochastic Gradient Descent Tricks}},
    year = {2012},
    author = {Bottou, Leon},
    volume = {7700},
    url = {https://www.microsoft.com/en-us/research/publication/stochastic-gradient-tricks/?from=http%3A%2F%2Fresearch.microsoft.com%2Fpubs%2F192769%2Ftricks-2012.pdf}
}

@article{Wilson2009,
    title = {{Testing Project Natal: We Touched the Intangible}},
    year = {2009},
    journal = {Gizmodo},
    author = {Wilson, Mark and Buchanan, Matt},
    url = {http://gizmodo.com/5277954/testing-project-natal-we-touched-the-intangible}
}

@misc{NSD,
    title = {{The Data Protection Official for Research - NSD}},
    author = {{NSD}},
    url = {http://www.nsd.uib.no/personvern/en/notification_duty/}
}

@misc{Meredith2016,
    title = {{The Falcor data model is a graph, and the GraphQL data model is a tree}},
    year = {2016},
    booktitle = {Medium},
    author = {Meredith, Caleb},
    url = {https://medium.com/@calebmer/the-falcor-data-model-is-a-graph-and-the-graphql-data-model-is-a-tree-6748ba53bb96#.g92hjpaeg}
}

@misc{Torikian2016,
    title = {{The GitHub GraphQL API - GitHub Engineering}},
    year = {2016},
    author = {Torikian, Garen and Black, Brandon and Swinnerton, Brooks and Somerville, Charlie and Celis, David and Daigle, Kyle},
    url = {http://githubengineering.com/the-github-graphql-api/}
}

@misc{Husain2015,
    title = {{The Netflix Tech Blog: Netflix Releases Falcor Developer Preview}},
    year = {2015},
    author = {Husain, Jafar and Taylor, Paul and Paulson, Michael},
    url = {http://techblog.netflix.com/2015/08/falcor-developer-preview.html}
}

@misc{newick,
    title = {{The Newick tree format}},
    author = {Felsenstein, Joe},
    url = {http://evolution.genetics.washington.edu/phylip/newicktree.html}
}

@article{Everingham2010PASCAL-VOC,
    title = {{The Pascal Visual Object Classes (VOC) Challenge}},
    year = {2010},
    journal = {International Journal of Computer Vision},
    author = {Everingham, Mark and Van Gool, Luc and Williams, Christopher K. I. and Winn, John and Zisserman, Andrew},
    number = {2},
    month = {6},
    pages = {303--338},
    volume = {88},
    publisher = {Springer US},
    url = {http://link.springer.com/10.1007/s11263-009-0275-4},
    doi = {10.1007/s11263-009-0275-4}
}

@article{Swan2013,
    title = {{The Quantified Self: Fundamental Disruption in Big Data Science and Biological Discovery}},
    year = {2013},
    journal = {Big Data},
    author = {Swan, Melanie},
    number = {2},
    month = {6},
    pages = {85--99},
    volume = {1},
    url = {http://online.liebertpub.com/doi/abs/10.1089/big.2012.0002},
    doi = {10.1089/big.2012.0002}
}

@article{Almalki2015a,
    title = {{The use of self-quantification systems for personal health information: big data management activities and prospects}},
    year = {2015},
    journal = {Health Information Science and Systems},
    author = {Almalki, Manal and Gray, Kathleen and Sanchez, Fernando},
    number = {Suppl 1},
    pages = {S1},
    volume = {3},
    publisher = {BioMed Central},
    url = {http://hissjournal.biomedcentral.com/articles/10.1186/2047-2501-3-S1-S1},
    doi = {10.1186/2047-2501-3-S1-S1},
    issn = {2047-2501}
}

@inproceedings{Iddan2001,
    title = {{Three-dimensional imaging in the studio and elsewhere}},
    year = {2001},
    booktitle = {Proceedings of SPIE},
    author = {Iddan, Gavriel J. and Yahav, Giora},
    editor = {Corner, Brian D. and Nurre, Joseph H. and Pargas, Roy P.},
    month = {4},
    pages = {48--55},
    volume = {4298},
    url = {http://proceedings.spiedigitallibrary.org/proceeding.aspx?articleid=903638},
    doi = {10.1117/12.424913}
}

@inproceedings{Choe2014,
    title = {{Understanding quantified-selfers' practices in collecting and exploring personal data}},
    year = {2014},
    booktitle = {Proceedings of the 32nd annual ACM conference on Human factors in computing systems - CHI '14},
    author = {Choe, Eun Kyoung and Lee, Nicole B. and Lee, Bongshin and Pratt, Wanda and Kientz, Julie A. and Choe, Eun Kyoung and Lee, Nicole B. and Lee, Bongshin and Pratt, Wanda and Kientz, Julie A.},
    pages = {1143--1152},
    publisher = {ACM Press},
    url = {http://dl.acm.org/citation.cfm?doid=2556288.2557372},
    address = {New York, New York, USA},
    isbn = {9781450324731},
    doi = {10.1145/2556288.2557372},
    keywords = {health, per-sonal informatics, personal analytics, quantified self, self-experimentation., self-monitoring, self-tracking}
}

@article{Simonyan2015,
    title = {{Very Deep Convolutional Networks For Large-Scale Image Recognition}},
    year = {2015},
    author = {Simonyan, Karen and Zisserman, Andrew},
    arxivId = {arXiv:1409.1556v6}
}

@misc{Suzuki,
    title = {{VF20th Anniversary Site: The Interviews | VFDC}},
    author = {Suzuki, Yu},
    url = {http://virtuafighter.com/threads/vf20th-anniversary-site-the-interviews.19637/}
}

@article{Casey2010,
    title = {{Virtual software team project management}},
    year = {2010},
    journal = {Journal of the Brazilian Computer Society},
    author = {Casey, Valentine},
    number = {2},
    pages = {83--96},
    volume = {16},
    isbn = {0104-6500},
    doi = {10.1007/s13173-010-0013-3},
    issn = {01046500},
    keywords = {Communication, Cooperation, Coordination, Culture, Global Software Development (GSD), Knowledge transfer, Process re-engineering, Project management, Tools, Virtual teams, Visibility}
}

@incollection{Zeiler2014VisualizingNets,
    title = {{Visualizing and Understanding Convolutional Networks}},
    year = {2014},
    booktitle = {European conference on computer vision},
    author = {Zeiler, Matthew D. and Fergus, Rob},
    pages = {818--833},
    publisher = {Springer International Publishing},
    url = {http://link.springer.com/10.1007/978-3-319-10590-1_53},
    doi = {10.1007/978-3-319-10590-1{\_}53}
}

@misc{vagga,
    title = {{Welcome to Vagga’s documentation! — Vagga 0.7.2 documentation}},
    url = {https://vagga.readthedocs.io/en/latest/}
}

@book{Gackenheimer2015,
    title = {{What Is React?}},
    year = {2015},
    booktitle = {Introduction to React},
    author = {Gackenheimer, Cory},
    pages = {1--20},
    url = {http://link.springer.com/10.1007/978-1-4842-1245-5_1},
    doi = {10.1007/978-1-4842-1245-5{\_}1}
}

@misc{Jaros2016,
    title = {{Why We Use Om, and Why We’re Excited for Om Next}},
    year = {2016},
    booktitle = {DZone Web Dev},
    author = {Jaros, Peter},
    url = {https://dzone.com/articles/why-we-use-om-and-why-were-excited-for-om-next}
}

@incollection{wordnet,
    title = {{WordNet}},
    year = {2012},
    booktitle = {The Encyclopedia of Applied Linguistics},
    author = {Fellbaum, Christiane and {Fellbaum} and {Christiane}},
    month = {11},
    publisher = {John Wiley {\&} Sons, Inc.},
    url = {http://doi.wiley.com/10.1002/9781405198431.wbeal1285},
    address = {Hoboken, NJ, USA},
    isbn = {9781405198431},
    doi = {10.1002/9781405198431.wbeal1285},
    keywords = {computational linguistics, natural language processing, semantics, vocabulary}
}

@misc{Fahey2013,
    title = {{Xbox One Kinect Privacy Concerns? Turn It Off. Pause It While Gaming.}},
    year = {2013},
    author = {Fahey, Mike},
    url = {http://kotaku.com/xbox-one-kinect-privacy-concerns-turn-it-off-511759241}
}

@misc{201412Mount,
    title = {{12 FAQs About the VR Developer Mount}},
    year = {2014},
    booktitle = {http://blog.leapmotion.com/},
    url = {http://blog.leapmotion.com/12-faqs-vr-developer-mount/}
}

@inproceedings{Qureshi2016ATechniques,
    title = {{A comprehensive performance evaluation of objective quality metrics for contrast enhancement techniques}},
    year = {2016},
    booktitle = {2016 6th European Workshop on Visual Information Processing (EUVIP)},
    author = {Qureshi, Muhammad Ali and Beghdadi, Azeddine and Sdiri, Bilel and Deriche, Mohamed and Alaya-Cheikh, Faouzi},
    month = {10},
    pages = {1--5},
    publisher = {IEEE},
    url = {http://ieeexplore.ieee.org/document/7764589/},
    isbn = {978-1-5090-2781-1},
    doi = {10.1109/EUVIP.2016.7764589}
}

@misc{2014AEdgeBoxes,
    title = {{A python wrapper for EdgeBoxes}},
    year = {2014},
    url = {https://github.com/dculibrk/edge_boxes_with_python}
}

@inproceedings{Ochoa2012AdultTechniques,
    title = {{Adult Video Content Detection Using Machine Learning Techniques}},
    year = {2012},
    booktitle = {2012 Eighth International Conference on Signal Image Technology and Internet Based Systems},
    author = {Ochoa, V. M. T. and Yayilgan, S. Y. and Cheikh, F. A.},
    month = {11},
    pages = {967--974},
    publisher = {IEEE},
    url = {http://ieeexplore.ieee.org/document/6395196/},
    isbn = {978-1-4673-5152-2},
    doi = {10.1109/SITIS.2012.143}
}

@article{Imran2015AutomaticPlatforms,
    title = {{Automatic annotation of lecture videos for multimedia driven pedagogical platforms}},
    year = {2015},
    journal = {Knowledge Management {\&} E-Learning},
    author = {Imran, Ali Shariq and Cheikh, Faouzi Alaya and Kowalski, Stewart James},
    pages = {248--279},
    issn = {20737904}
}

@misc{2015CanSoftware,
    title = {{Can Your Webcam Do This? - Exploring the Intel{\textregistered} RealSense™ 3D Camera (F200) | Intel{\textregistered} Software}},
    year = {2015},
    booktitle = {https://software.intel.com},
    url = {https://software.intel.com/en-us/blogs/2015/01/26/can-your-webcam-do-this}
}

@misc{Wang2016CNN-RNN:Classification,
    title = {{CNN-RNN: A Unified Framework for Multi-Label Image Classification}},
    year = {2016},
    author = {Wang, Jiang and Yang, Yi and Mao, Junhua and Huang, Zhiheng and Huang, Chang and Xu, Wei},
    pages = {2285--2294},
    url = {http://www.cv-foundation.org/openaccess/content_cvpr_2016/html/Wang_CNN-RNN_A_Unified_CVPR_2016_paper.html}
}

@article{Chen2015ContextualizingClassification,
    title = {{Contextualizing Object Detection and Classification}},
    year = {2015},
    journal = {IEEE Transactions on Pattern Analysis and Machine Intelligence},
    author = {Chen, Qiang and Song, Zheng and Dong, Jian and Huang, Zhongyang and Hua, Yang and Yan, Shuicheng},
    number = {1},
    month = {1},
    pages = {13--27},
    volume = {37},
    url = {http://ieeexplore.ieee.org/document/6866901/},
    doi = {10.1109/TPAMI.2014.2343217}
}

@misc{ControllerDocumentation,
    title = {{Controller — Leap Motion JavaScript SDK v3.1 documentation}},
    url = {https://developer.leapmotion.com/documentation/javascript/api/Leap.Controller.html}
}

@misc{2016DataLoader,
    title = {{DataLoader}},
    year = {2016},
    url = {https://github.com/facebook/dataloader}
}

@misc{2016DataLoaderEfficiency,
    title = {{DataLoader for graphene? Caching and query efficiency}},
    year = {2016},
    url = {https://github.com/graphql-python/graphene/issues/199}
}

@article{Schmidhuber2015DeepOverview,
    title = {{Deep learning in neural networks: An overview}},
    year = {2015},
    journal = {Neural Networks},
    author = {Schmidhuber, Jürgen},
    pages = {85--117},
    volume = {61},
    url = {http://www.sciencedirect.com/science/article/pii/S0893608014002135},
    doi = {10.1016/j.neunet.2014.09.003},
    issn = {08936080}
}

@misc{DegreesWikipedia,
    title = {{Degrees of freedom (mechanics) - Wikipedia}},
    url = {https://en.wikipedia.org/wiki/Degrees_of_freedom_(mechanics)}
}

@misc{2016DeprecatedCommunity,
    title = {{Deprecated Gestures API - Customer Support - Leap Motion Community}},
    year = {2016},
    url = {https://community.leapmotion.com/t/deprecated-gestures-api/4968}
}

@misc{2016DetectionDocumentation,
    title = {{Detection Utilities — Leap Motion Unity SDK v3.1 documentation}},
    year = {2016},
    url = {https://developer.leapmotion.com/documentation/unity/unity/Unity_DetectionUtilities.html}
}

@inproceedings{Raja2015EvaluationCameras,
    title = {{Evaluation of fusion approaches for face recognition using light field cameras}},
    year = {2015},
    booktitle = {2015 Colour and Visual Computing Symposium (CVCS)},
    author = {Raja, Kiran B. and Raghavendra, R. and Cheikh, Faouzi Alaya and Busch, Christoph},
    month = {8},
    pages = {1--5},
    publisher = {IEEE},
    url = {http://ieeexplore.ieee.org/document/7274896/},
    isbn = {978-1-4799-1765-5},
    doi = {10.1109/CVCS.2015.7274896}
}

@misc{Falcor:Router,
    title = {{Falcor: Router}},
    url = {http://netflix.github.io/falcor/documentation/router.html}
}

@misc{Falcor:Falcor,
    title = {{Falcor: What is Falcor}},
    url = {http://netflix.github.io/falcor/starter/what-is-falcor.html}
}

@misc{GetDevelopers,
    title = {{Get Started | Leap Motion Developers}},
    url = {https://developer.leapmotion.com/get-started}
}

@misc{GettingTutorial,
    title = {{Getting Started With GraphQL.js | GraphQL.js Tutorial}},
    url = {http://graphql.org/graphql-js/}
}

@misc{HelloDocumentation,
    title = {{Hello World — Leap Motion Python SDK v3.1 documentation}},
    url = {https://developer.leapmotion.com/documentation/python/devguide/Sample_Tutorial.html}
}

@misc{IntelWinners,
    title = {{Intel RealSense App Challenge Winners}},
    publisher = {Intel},
    url = {https://software.intel.com/sites/campaigns/realsense-winners/}
}

@misc{KinectSpecifications,
    title = {{Kinect for Windows Sensor Components and Specifications}},
    url = {https://msdn.microsoft.com/en-us/library/jj131033.aspx}
}

@misc{KinectXbox.com,
    title = {{Kinect for Xbox One | Xbox.com}},
    url = {http://www.xbox.com/en-US/xbox-one/accessories/kinect}
}

@article{1915MethodCartoons.,
    title = {{Method of producing moving-picture cartoons.}},
    year = {1915}
}

@article{CheikhMUVIS:Retrieval,
    title = {{MUVIS: A System for Content-Based Image Retrieval}},
    author = {Cheikh, Faouzi Alaya},
    url = {http://muvis.cs.tut.fi/Documents/alaya-cheikh2004.pdf}
}

@misc{2016NewInput,
    title = {{New Unity Module for User Interface Input}},
    year = {2016},
    booktitle = {http://blog.leapmotion.com/},
    url = {http://blog.leapmotion.com/ui-input-module/4/}
}

@misc{NormalizingRedux,
    title = {{Normalizing State Shape {\textperiodcentered} Redux}},
    url = {http://redux.js.org/docs/recipes/reducers/NormalizingStateShape.html}
}

@inproceedings{Ng2016NutsLearning,
    title = {{Nuts and bolts of building AI applications using Deep Learning}},
    year = {2016},
    booktitle = {NIPS},
    author = {Ng, Andrew},
    publisher = {NIPS},
    url = {https://media.nips.cc/Conferences/2016/Slides/6203-Slides.pdf}
}

@inproceedings{Imran2014ObjectiveAnnotation,
    title = {{Objective keyword selection for lecture video annotation}},
    year = {2014},
    booktitle = {2014 5th European Workshop on Visual Information Processing (EUVIP)},
    author = {Imran, Ali Shariq and Rahadianti, Laksmita and Cheikh, Faouzi Alaya and Yayilgan, Sule Yildirim},
    month = {12},
    pages = {1--6},
    publisher = {IEEE},
    url = {http://ieeexplore.ieee.org/document/7018378/},
    isbn = {978-1-4799-4572-6},
    doi = {10.1109/EUVIP.2014.7018378}
}

@misc{Om:React,
    title = {{om: ClojureScript interface to Facebook's React}},
    url = {https://github.com/omcljs/om}
}

@incollection{Sechidis2011OnData,
    title = {{On the Stratification of Multi-label Data}},
    year = {2011},
    booktitle = {Machine Learning and Knowledge Discovery in Databases},
    author = {Sechidis, Konstantinos and Tsoumakas, Grigorios and Vlahavas, Ioannis},
    pages = {145--158},
    publisher = {Springer, Berlin, Heidelberg},
    url = {http://link.springer.com/10.1007/978-3-642-23808-6_10},
    doi = {10.1007/978-3-642-23808-6{\_}10}
}

@misc{OpenKinectDocumentation,
    title = {{OpenKinect Protocol Documentation}},
    url = {http://openkinect.org/wiki/Protocol_Documentation#Control_Commands;a=summary}
}

@misc{2016ProjectHome,
    title = {{Project Jupyter | Home}},
    year = {2016},
    url = {http://jupyter.org/}
}

@misc{RealSenseSoftware,
    title = {{RealSense - Develop Immersive Experiences | Intel{\textregistered} Software}},
    url = {https://software.intel.com/en-us/realsense/home}
}

@misc{RealSenseExperiences,
    title = {{RealSense Develop Immersive Experiences}},
    publisher = {Intel},
    url = {https://software.intel.com/en-us/realsense/home}
}

@misc{2016Relay,
    title = {{Relay}},
    year = {2016},
    url = {https://facebook.github.io/relay/}
}

@misc{SchemasGraphQL,
    title = {{Schemas and Types | GraphQL}},
    url = {http://graphql.org/learn/schema/}
}

@inproceedings{Imran2013SemanticAnnotation,
    title = {{Semantic Keyword Selection for Automatic Video Annotation}},
    year = {2013},
    booktitle = {2013 International Conference on Signal-Image Technology {\&} Internet-Based Systems},
    author = {Imran, Ali Shariq and Rahadianti, Laksmita and Cheikh, Faouzi Alaya and Yayilgan, Sule Yildirim},
    month = {12},
    pages = {241--246},
    publisher = {IEEE},
    url = {http://ieeexplore.ieee.org/document/6727198/},
    isbn = {978-1-4799-3211-5},
    doi = {10.1109/SITIS.2013.49}
}

@misc{Dong2013Subcategory-AwareClassification,
    title = {{Subcategory-Aware Object Classification}},
    year = {2013},
    author = {Dong, Jian and Xia, Wei and Chen, Qiang and Feng, Jianshi and Huang, Zhongyang and Yan, Shuicheng},
    pages = {827--834},
    url = {http://www.cv-foundation.org/openaccess/content_cvpr_2013/html/Dong_Subcategory-Aware_Object_Classification_2013_CVPR_paper.html}
}

@misc{ThinkingDocs,
    title = {{Thinking in GraphQL | Relay Docs}},
    url = {https://facebook.github.io/relay/docs/thinking-in-graphql.html#client-caching}
}

@misc{UnityDevelopers,
    title = {{Unity | Leap Motion Developers}},
    url = {https://developer.leapmotion.com/unity}
}

@misc{UnrealDevelopers,
    title = {{Unreal | Leap Motion Developers}},
    url = {https://developer.leapmotion.com/unreal}
}